@misc{Dua:2019,
author = "Dua, Dheeru and Graff, Casey",
year = "2017",
title = "{UCI} Machine Learning Repository",
url = "http://archive.ics.uci.edu/ml",
institution = "University of California, Irvine, School of Information and Computer Sciences" }

@book{koza1992genetic,
  title={Genetic programming: on the programming of computers by means of natural selection},
  author={Koza, John R and Koza, John R},
  volume={1},
  year={1992},
  publisher={MIT press}
}

@article{luke2006ecj,
  title={Ecj: A java-based evolutionary computation research system},
  author={Luke, Sean and Panait, Liviu and Balan, Gabriel and Paus, Sean and Skolicki, Zbigniew and Bassett, Jeff and Hubley, Robert and Chircop, A},
  journal={Downloadable versions and documentation can be found at the following url: http://cs. gmu. edu/eclab/projects/ecj},
  volume={880},
  year={2006}
}

@article{miller1995genetic,
  title={Genetic algorithms, tournament selection, and the effects of noise},
  author={Miller, Brad L and Goldberg, David E and others},
  journal={Complex systems},
  volume={9},
  number={3},
  pages={193--212},
  year={1995},
  publisher={[Champaign, IL, USA: Complex Systems Publications, Inc., c1987-}
}

@book{banzhaf1998genetic,
  title={Genetic programming},
  author={Banzhaf, Wolfgang and Nordin, Peter and Keller, Robert E and Francone, Frank D},
  year={1998},
  publisher={Springer}
}

@article{owen1999tubular,
  title={Tubular neighbors for regression and classification},
  author={Owen, Art B},
  year={1999},
  publisher={Citeseer}
}

@article{dash2013comparative,
  title={Comparative study of different classification techniques for post operative patient dataset},
  author={Dash, Satya Ranjan and Dehuri, Satchidananda},
  journal={International Journal of Innovative Research in Computer and Communication Engineering},
  volume={1},
  number={5},
  pages={1101--1108},
  year={2013}
}

@article{luukka2009pca,
  title={PCA for fuzzy data and similarity classifier in building recognition system for post-operative patient data},
  author={Luukka, Pasi},
  journal={Expert systems with applications},
  volume={36},
  number={2},
  pages={1222--1228},
  year={2009},
  publisher={Elsevier}
}

@incollection{koza2005genetic,
  title={Genetic programming},
  author={Koza, John R and Poli, Riccardo},
  booktitle={Search methodologies},
  pages={127--164},
  year={2005},
  publisher={Springer}
}

@article{bruce1995application,
  title={The application of genetic programming to the automatic generation of object-oriented programs},
  author={Bruce, Wilker Shane},
  year={1995}
}